9. Bidraget til Tore Renberg er oppgitt i bibliografien. 
Vi vurderer at dette er et selvstendig verk i og med at dette er en samling knyttet til et tema som omhandler venner og vennskap.
=LDR  02394cam a2200457 c 4500
=001  990210682594702202
=005  20230301083044.0
=007  cr||||||||||||
=007  ta
=008  150707s2002\\\\xx#||||j\|||||000|u|nob|d
=020  \\$a8252542948$qib.
=041  1\$hnob
=240  00$aSkal vi være venner?$1http://viaf.org/viaf/222062902/Venner/?
=245  00$aSkal vi være venner?$cMarit Borkenhagen (red.) ; illustrert av Tina Soli ; oversettelser av: Inger Dietrichson ... [et al.]
=260  \\$aOslo$bBokklubbens barn$c2002
=300  \\$a111 s.$bill.
=336  \\$atext$2rdacontent$0http://rdaregistry.info/termList/RDAContentType/1020
=337  \\$aunmediated$2rdamedia$0http://rdaregistry.info/termList/RDAMediaType/1007
=338  \\$avolume$2rdacarrier$0http://rdaregistry.info/termList/RDACarrierType/1049
=700  1\$aBorkenhagen, Marit$d1970-$1http://viaf.org/viaf/222062902$4edt$4http://rdaregistry.info/Elements/e/object/P20330
=700  1\$aBrekke, Toril$d1949-$1http://viaf.org/viaf/7411743$4trl$4http://rdaregistry.info/Elements/e/object/P20037
=700  1\$aCoucheron, Olaf$d1912-1995$1http://viaf.org/viaf/271919237$4trl$4http://rdaregistry.info/Elements/e/object/P20037
=700  1\$aDietrichson, Inger$1http://viaf.org/viaf/433149066637265602491$4trl$4http://www.rdaregistry.info/Elements/e/object/P20037
=700  1\$aFretheim, Tor$d1946-2018$1http://viaf.org/viaf/79086818$4trl$4http://rdaregistry.info/Elements/e/object/P20002 
=700  1\$aHoff, Gerd$d1940-$1http://viaf.org/viaf/48102666$4trl$4http://rdaregistry.info/Elements/e/object/P20037
=700  1\$aLjone, Oddmund$d1917-1985$1http://viaf.org/viaf/29721490686155657300061$4trl$4http://www.rdaregistry.info/Elements/e/object/P20037
=700  1\$aSaastad, Mona Helene$1http://viaf.org/viaf/444149066632065602506$4trl$4http://rdaregistry.info/Elements/e/object/P20037
=700  1\$aScheen, Kjersti$d1943-$1http://viaf.org/viaf/85372382$4trl$4http://www.rdaregistry.info/Elements/e/object/P20037
=700  1\$aSoli, Tina$d1972-$1http://viaf.org/viaf/9220815$4ill$4http://rdaregistry.info/Elements/w/object/P10002 
=700  1\$aTenfjord, Jo$d1918-2007-$1http://viaf.org/viaf/39425716$4trl$4http://www.rdaregistry.info/Elements/e/object/P20037
=700  12$aBurnett, Frances Hodgson$d1849-1924$tDen hemmelige hagen$1http://viaf.org/viaf/27061925$4aut$4http://rdaregistry.info/Elements/w/object/P10061
=700  12$aGripe, Maria$d1923-2007$tBare Elvis$1http://viaf.org/viaf/39378054$4aut$4http://rdaregistry.info/Elements/w/object/P10061 
=700  12$aGripe, Maria$d1923-2007$tHugo og Josefin$1http://viaf.org/viaf/39378054$4aut$4http://rdaregistry.info/Elements/w/object/P10061 
=700  12$aHjorth, Vigdis$d1959-$tRåtne Rikard$1http://viaf.org/viaf/66503940$4aut$4http://www.rdaregistry.info/Elements/w/object/P10061
=700  12$aHopp, Zinken$d1905-1987$tTrollkrittet$1http://viaf.org/viaf/9888758$4aut$4http://rdaregistry.info/Elements/w/object/P10061
=700  12$aKirkegaard, Ole Lund$d1940-1979$tPer og vesle Mads$1http://viaf.org/viaf/54149740$4aut$4http://www.rdaregistry.info/Elements/w/object/P10061
=700  12$aKirkegaard, Ole Lund$d1940-1979$tTippe Topphatt og andre fortellinger$1http://viaf.org/viaf/54149740$4aut$4http://www.rdaregistry.info/Elements/w/object/P10061
=700  12$aLärn, Viveca$d1944-$tEddie og Johanna$1http://viaf.org/viaf/59139553$4aut$4http://rdaregistry.info/Elements/w/object/P10061
=700  12$aLindgren, Astrid$d1907-2002$tAlle vi barna i Bakkebygrenda$1http://viaf.org/viaf/97119817$4auth$4http://rdaregistry.info/Elements/w/object/P10061
=700  12$aLindgren, Barbro$d1937-$tSuperhemmelig$1http://viaf.org/viaf/46733274$4aut$4http://rdaregistry.info/Elements/w/objectP10061
=700  12$aLoe, Erlend$d1969-$tKurt quo vadis$1http://viaf.org/viaf/41931427$4aut$4http://rdaregistry.info/Elements/w/objectP10061
=700  12$aNilsson-Brännström, Moni$d1955-$tBare Tsatsiki$1http://viaf.org/viaf/15590827$4aut$4http://rdaregistry.info/Elements/w/object/P10061
=700  12$aRenberg, Tore$d1972-$tSinus i blinde en kjærlighetsfortelling$1http://viaf.org/viaf/34565761$4aut$4http://rdaregistry.info/Elements/w/object/P10061 
=700  12$aStark, Ulf$d1944-2017$tTor og vennene hans$1http://viaf.org/viaf/49282521$4aut$4http://rdaregistry.info/Elements/w/objectP10061
=700  12$aVestly, Anne-Cath.$d1920-2008$tOle Aleksander Filibom-bom-bom$1http://viaf.org/viaf/56617433$4aut$4http://rdaregistry.info/Elements/w/object/P10061 

13. Samlingen er ikke oppgitt i bibliografi. Samlingen er ikke et selvstendig verk etter vår vurdering.
